%% ----------------------------------------------------------------------
%%    Examples of common entries
%% ----------------------------------------------------------------------

@article{example-article,
    author = {I. Surname and I. Surname and I. Surname},
    title = {The Title of the Article},
    journal = {The Title of the Journal},
    volume = {1},
    number = {2},
    pages = {123-456},
    year = {2000},
    note = {}
}

@book{Tinkham,
    author = {M. Tinkham},
    title = {Introduction to Superconductivity},
    publisher = {Dover},
    year = {1996},
    edition = {2nd ed.},
    address = {},
    note = {}
}

@book{Parks,
    author = {R. Parks},
    title = {Superconductivity},
    publisher = {Marcel Dekker},
    year = {1969},
    edition = {1st ed.},
    address = {},
    note = {}
}

@book{Gennes,
    author = {P.G. de Gennes},
    title = {Superconductivity in metals and alloys},
    publisher = {Westview press},
    year = {1966},
    edition = {1st ed.},
    }

@book{Ashcroft,
    author = {N.W. Ashcroft and N.D. Mermin},
    title = {Solid state physics},
    year = {2003}}

@online{example-website,
    author = {{Website Name} <OR> I. Surname and I. Surname and I. Surname},
    title = {Title of the Website},
    url = {https://example.com},
    urldate = {2020-12-24},
    year = {2000}
}

%% ----------------------------------------------------------------------
%%    Start of bibliography
%% ----------------------------------------------------------------------
